@book{WInternals,
	author = {Mark Russinovich, David A. Solomon, Alex Ionescu},
	title = {Windows Internals, Sixth Edition, Part 2},
	date = {2012},
	OPTpart = {2},
	OPTedition = {6},
}


@book{BSD,
	author = {Marshall Kirk McKusick, George V. Neville-Neil, Robert N.M. Watson},
	title = {The Design and Implementation of the FreeBSD Operating System},
	date = {2015},
	OPTedition = {2},
}

@misc{Kevin,
	title = {CS444 Operating Systems II Lecture/Top Hat D. Kevin McGrath},
	date = {date},
}
