@book{WInternals,
	author = {Mark Russinovich, David A. Solomon, Alex Ionescu},
	title = {Windows Internals, 6th edition, Part 2},
	date = {2012},
	OPTpart = {2},
	OPTedition = {6},
}
