@book{stein2008elementary,
  title={Elementary number theory: Primes, congruences, and secrets: A computational approach},
  author={Stein, William},
  year={2008},
  publisher={Springer Science \& Business Media}
}

@article{agrawal2004primes,
	title={PRIMES is in P},
	author={Agrawal, Manindra and Kayal, Neeraj and Saxena, Nitin},
	journal={Annals of mathematics},
	pages={781--793},
	year={2004},
	publisher={JSTOR}
}