@book{WInternals,
	author = {Mark Russinovich, David A. Solomon, Alex Ionescu},
	title = {Windows Internals, Sixth Edition, Part 2},
	publisher = {Microsoft Press},
	year = {2012},
	OPTpart = {2},
	OPTedition = {6},
}


@book{BSD,
	author = {Marshall Kirk McKusick, George V. Neville-Neil, Robert N.M. Watson},
	title = {The Design and Implementation of the FreeBSD Operating System},
	year = {2015},
	publisher = {Addison-Wesley},
	OPTedition = {2},
}

@misc{Kevin,
	title = {CS444 Operating Systems 2 Lecture and Accompanying Top Hat Textbook},
	author = {D. Kevin McGrath},
	date = {Spring 2017},
}

@online{msdnproc,
	title = {Microsoft Developer Network - About Processes and Threads},
	url = {https://msdn.microsoft.com/en-us/library/windows/desktop/ms681917(v=vs.85).aspx},
}

@online{msdnvirt,
	title = {Microsoft Developer Network - Virtual Address Spaces},
	url = {https://docs.microsoft.com/en-us/windows-hardware/drivers/gettingstarted/virtual-address-spaces},
}

@online{msdnsched,
	title = {Microsoft Developer Network - Scheduling Priorities},
	url = {https://msdn.microsoft.com/en-us/library/windows/desktop/ms685100(v=vs.85).aspx},
}

@online{bsdsched,
	title = {A Look Inside},
	author = {Roman Divacky},
	url = {https://www.freebsd.org/doc/en_US.ISO8859-1/articles/linux-emulation/inside.html},
}

@online{kernel,
	title = {The Linux Kernel},
	author = {David A Rusling},
	url = {http://www.tldp.org/LDP/tlk/kernel/processes.html},
}